% This file was created with Citavi 6.11.0.0

@proceedings{.16.05.201621.05.2016,
 year = {16.05.2016 - 21.05.2016},
 title = {2016 IEEE International Conference on Robotics and Automation (ICRA)},
 keywords = {PAM},
 publisher = {IEEE},
 isbn = {978-1-4673-8026-3}
}


@manual{DMSP.specs,
 year = {2019},
 title = {Fluidic Muscle DMSP},
 url = {https://www.festo.com/media/pim/554/D15000100140554.PDF},
 address = {Esslingen, Deutschland},
 organization = {{Festo Vertrieb GmbH {\&} Co. KG}}
}


@inproceedings{Hawkes.2016.design.implementation.300percent.AM,
 author = {Elliot W.  Hawkes und David L.  Christensen und Allison M.  Okamura},
 title = {Design and implementation of a 300{\%} strain soft artificial muscle},
 keywords = {PAM},
 pages = {4022--4029},
 publisher = {IEEE},
 isbn = {978-1-4673-8026-3},
 booktitle = {2016 IEEE International Conference on Robotics and Automation (ICRA)},
 year = {16.05.2016 - 21.05.2016},
 doi = {10.1109/icra.2016.7487592}
}


@article{Jang.2021,
 author = {Dae-Jin Jang und Yong-Cheol Kim und Eung-Pyo Hong und Gyu-Seok Kim},
 year = {2021},
 title = {Geometry design and dynamic analysis of a modified cycloid reducer with epitrochoid tooth profile},
 keywords = {Cycloid Gear;Epitrochoid;Geometry HowTo},
 pages = {104399},
 volume = {164},
 issn = {0094114X},
 journal = {Mechanism and Machine Theory},
 doi = {10.1016/j.mechmachtheory.2021.104399}
}


@article{Lee.2020,
 author = {KangKyu Lee und Seungwoo Hong und Jun-Ho Oh},
 year = {2020},
 title = {Development of a Lightweight and High-efficiency Compact Cycloidal Reducer for Legged Robots},
 keywords = {Cycloid Gear;Epitrochoid;Geometry HowTo},
 pages = {415--425},
 volume = {21},
 number = {3},
 issn = {2234-7593},
 journal = {International Journal of Precision Engineering and Manufacturing},
 doi = {10.1007/s12541-019-00215-9}
}


@manual{nanotec.specs,
 year = {2019},
 title = {SCB5618L4204-B},
 url = {https://de.nanotec.com/fileadmin/files/Datenblaetter/Schrittmotoren/SCB5618/SCB5618L4204-B.pdf},
 address = {Feldkirchen, Deutschland},
 urldate = {2022-01-07},
 organization = {{Nanotec Electronic GmbH {\&} Co. KG}}
}


@book{Soll.1982,
 author = {Hans S{\"o}ll},
 year = {1982},
 title = {Biomechanik in der Sportpraxis: Schwerpunkt: Ger{\"a}tturnen},
 address = {Schorndorf bei Stuttgart},
 edition = {2., unver{\"a}nd. Aufl.},
 volume = {96},
 publisher = {Hofmann},
 isbn = {3-7780-5962-9},
 series = {Schriftenreihe zur Praxis der Leibeserziehung und des Sports}
}


